<?xml version="1.0" encoding="UTF-8"?><collection xmlns="http://www.loc.gov/MARC21/slim"><record><leader>00623nam--2200181-u-4500</leader><controlfield tag="001">000056423</controlfield><controlfield tag="002">20161230</controlfield><controlfield tag="005">20161230201052</controlfield><controlfield tag="008">151006s1000------------r-----000-0-rum-d</controlfield><datafield ind1=" " ind2=" " tag="040"><subfield code="a">IFIN-HH</subfield></datafield><datafield ind1=" " ind2=" " tag="041"><subfield code="a">rum</subfield></datafield><datafield ind1="1" ind2=" " tag="100"><subfield code="a">Placinta, Anica Otilia</subfield></datafield><datafield ind1="1" ind2="0" tag="245"><subfield code="a">Studiul unor proprietati ale sursei seismice si ale mediului de propagare a undelor pe baza analizaei formelor de unda ale cutremurelor vrancene</subfield><subfield code="c">Anica otilia placinta</subfield></datafield><datafield ind1=" " ind2=" " tag="260"><subfield code="a">Bucuresti</subfield><subfield code="b">Universitatea Din Bucuresti</subfield><subfield code="c">2015</subfield></datafield><datafield ind1=" " ind2=" " tag="300"><subfield code="a">149P</subfield></datafield><datafield ind1=" " ind2=" " tag="500"><subfield code="a">Conducator Stiintific Dr. Mircea Radulian</subfield></datafield><datafield ind1=" " ind2=" " tag="852"><subfield code="a">82428</subfield><subfield code="c">550.3</subfield></datafield><datafield ind1=" " ind2=" " tag="CAT"><subfield code="a">Sys</subfield><subfield code="c">20151006</subfield><subfield code="h">124916</subfield></datafield></record></collection>